<?xml version="1.0" encoding="UTF-8"?><record xmlns="http://www.loc.gov/MARC21/slim" xmlns:cinclude="http://apache.org/cocoon/include/1.0" xmlns:zs="http://www.loc.gov/zing/srw/">
  <leader>00688nz  a2200157n  4500</leader>
  <controlfield tag="001">no2011170363</controlfield>
  <controlfield tag="003">DLC</controlfield>
  <controlfield tag="005">20111104075314.0</controlfield>
  <controlfield tag="008">111102n| acannaabn          |a aaa     c</controlfield>
  <datafield tag="010" ind1=" " ind2=" ">
    <subfield code="a">no2011170363</subfield>
  </datafield>
  <datafield tag="035" ind1=" " ind2=" ">
    <subfield code="a">(OCoLC)oca09024592</subfield>
  </datafield>
  <datafield tag="040" ind1=" " ind2=" ">
    <subfield code="a">TxSmTSU</subfield>
    <subfield code="b">eng</subfield>
    <subfield code="c">TxSmTSU</subfield>
  </datafield>
  <datafield tag="100" ind1="1" ind2=" ">
    <subfield code="a">Dell, Wheezer,</subfield>
    <subfield code="d">1886-1966</subfield>
  </datafield>
  <datafield tag="400" ind1="1" ind2=" ">
    <subfield code="a">Dell, William George,</subfield>
    <subfield code="d">1886-1966</subfield>
  </datafield>
  <datafield tag="670" ind1=" " ind2=" ">
    <subfield code="a">Three ages, 2005:</subfield>
    <subfield code="b">title frame (Wheezer Dell)</subfield>
  </datafield>
  <datafield tag="670" ind1=" " ind2=" ">
    <subfield code="a">Internet movie database, Nov. 2, 2011</subfield>
    <subfield code="b">(Wheezer Dell; b. June 11, 1886 in Tuscarora, Nevada; d. August 24, 1966 (age 80) in Independence, California; birth name, William George Dell; Pitcher with the St. Louis Cardinals (1912) and Brooklyn Dodgers (1915-1917); Actor)</subfield>
  </datafield>
</record>